@inproceedings{Raft,
	author = {Diego Ongaro and John Ousterhout},
	title = {In Search of an Understandable Consensus Algorithm},
	booktitle = {2014 USENIX Annual Technical Conference (USENIX ATC 14)},
	year = {2014},
	isbn = {978-1-931971-10-2},
	address = {Philadelphia, PA},
	pages = {305--319},
	url = {https://www.usenix.org/conference/atc14/technical-sessions/presentation/ongaro},
	publisher = {USENIX Association},
}

@article{everythingfails,
  title={Adding Cloud Performance to Service Level Agreements.},
  author={Lee Gillam and Bin Li, and John O'Loughlin},
  year={2012},
  journal = {Department of Computing, University of Surrey, Guildford, United Kingdom },
	howpublished = {\url{http://urn.fi/URN:NBN:fi:jyu-201512093942}},
}

@online{AwsVpc,
	author = {Amazon Web Services Inc.},
	title = {VPCs and Subnets - Amazon Virtual Private Cloud},
	year = {2017},
	url = {http://docs.aws.amazon.com/AmazonVPC/latest/UserGuide/VPC_Subnets.html},
	urldate = {2017-01-15}
}

@online{AwsCloudConfig,
	author = {Amazon Web Services Inc.},
	title = {Instance Metadata and User Data - Amazon Elastic Compute Cloud},
	year = {2017},
	url = {http://docs.aws.amazon.com/AWSEC2/latest/UserGuide/ec2-instance-metadata.html},
	urldate = {2017-01-20}
}

@online{AwsEbs,
	author = {Amazon Web Services Inc.},
	title = {Amazon EBS Volume Types - Amazon Elastic Compute Cloud},
	year = {2017},
	url = {http://docs.aws.amazon.com/AWSEC2/latest/UserGuide/EBSVolumeTypes.html},
	urldate = {2017-01-20}
}

@online{Awst2,
	author = {Amazon Web Services Inc.},
	title = {T2 Instances - Amazon Elastic Compute Cloud},
	url = {http://docs.aws.amazon.com/AWSEC2/latest/UserGuide/t2-instances.html},
	year = {2017},
	urldate = {2017-01-22}
}

@online{DockerHub,
	author = {Docker Inc.},
	title = {Official repositories on Docker Hub - Docker},
	year = {2017},
	url = {https://docs.docker.com/docker-hub/official_repos/},
	urldate = {2017-01-10}
}

@article{vase2015advantages,
  title={Advantages of Docker},
  author={Tuomas Vase},
  year={2015},
	howpublished = {\url{http://urn.fi/URN:NBN:fi:jyu-201512093942}},
}

@inproceedings{networkingBla,
  title={Networking in Containers and Container Clusters},
  author={Victor Marmol and Rohit Jnagal and Tim Hockin},
  booktitle={Proceedings of netdev 0.1},
  year={2015},
	address = {Ottawa, On, Canada},
}


@article{dockersecurity,
  title={Introduction to Container Security},
  author={Docker Inc.},
  year = 2015,
	month = 8,
	howpublished = {\url{https://www.docker.com/sites/default/files/WP_IntrotoContainerSecurity_08.19.2016.pdf}},
}

@article{awsEU,
  title={EU Datenschutz Whitepaper},
  author={Amazon Web Services},
  year = 2015,
	month = 10,
	howpublished = {\url{https://d0.awsstatic.com/whitepapers/compliance/De_Whitepapers/AWS_EU_Data_Protection_Whitepaper_DE.pdf}},
}

@book{Makam201602,
	title={Mastering CoreOS},
	author={Sreenivas Makam},
	publisher={Packt Publishing},
	year={2016},
	month={2},
	isbn={9781785288128},
}

@book{cloudtest,
	title={Cloud-Services testen},
	author={Kees Blokland and Jeroen Mengerink and Martin Pol and Doris Rubruck},
	publisher={dpunkt.verlag},
	year={2016},
	month={2},
	isbn={9783864903496},
	timestamp={2017.01.21}
}

@book{Vohra,
	title={Kubernetes Microservices with Docker},
	author={Deepak Vohra},
	publisher={Apress},
	year={2016},
	isbn={9781484219065},
	timestamp={2017.01.21}
}

@book{cloudmigra,
	title={Cloud Migration},
	author={Tobias Höllwarth},
	publisher={mitp},
	year={2013},
	month={10},
	isbn={3826694589},
	timestamp={2017.01.11}
}

@book{DockerInAction,
	title={Docker in Action},
	author={Jeff Nickoloff},
	publisher={Manning Publications Co},
	year={2016},
	isbn={9781633430235},
	timestamp={2017.01.29}
}

@book{arch4scale,
	title={Architecting for Scale: High Availability for Your Growing Applications},
	author={Lee Atchison},
	publisher={O'Reilly Media, Inc.},
	year={2016},
	isbn={1491943424},
	timestamp={2017.01.29}
}

@book{continte,
	title={Continuous Delivery: Der pragmatische Einstieg},
	author={Eberhard Wolff},
	publisher={dpunkt.verlag},
	year={2014},
	month={10},
	day={30},
	isbn={3864902088}
}

@book{duvall,
	title={Continuous Integration: Improving Software Quality and Reducing Risk},
	author={Paul Duvall and Steve Matyas and Andrew Glover },
	publisher={Addison-Wesley Professional},
	year={2007},
	month={7},
	day={9},
	isbn={9780321336385}
}


@online{etcdhardware,
  author = {Xiang Li and Brandon Philips},
  title = {Hardware recommendations},
  month = 12,
	year = 2016,
  url = {https://github.com/coreos/etcd/blob/master/Documentation/op-guide/hardware.md},
  note = {Commit: 52e3dc5eb9e369dab9f274b204ef1bef364f8510}
}

@online{etcdclustersize,
  author = {Raoof Mohammed and Gyu-Ho Lee and Anthony Romano and Ajit Yagaty},
  title = {Hardware recommendations},
  month = 6,
  year = 2016,
  url = {https://github.com/coreos/etcd/blob/v3.0.15/Documentation/v2/admin_guide.md},
  note = {Commit: 37ac90c419f39f42dc5c476dce0182b2d1b2bd49}
}

@online{CoreOSCluster,
	author = {Jonathan Boulle and Rob Szumski and Alex Crawford},
	title = {CoreOS Container Linux cluster architectures},
	month = 1,
	year = 2017,
	url = {https://github.com/coreos/docs/blob/master/os/cluster-architectures.md},
	note = {Commit: 853e5358f32e34b36a31914a7d0d9325e0fb3fe8}
}

@online{contrib,
	author = {Eric Paris and Manuel Alejandro de Brito Fontes and Marcin Wielgus and Daniel Smith},
	title = {kubernetes/contrib},
	month = 2,
	year = 2017,
	url = {https://github.com/kubernetes/contrib/commit/4dd1aa773d95b1d7e88b1d55db57cd1a4fcdcc58},
	note = {Commit: 4dd1aa773d95b1d7e88b1d55db57cd1a4fcdcc58}
}

@online{k8sscheduler,
	author = {John Mulhausen and Ben Balter and Anirudh Ramanathan and Phillip Wittrock and Nikhil Jindal and Maciej Szulik and Janet Kuo},
	title = {kube-scheduler},
	month = 12,
	year = 2016,
	url = {https://github.com/kubernetes/kubernetes.github.io/blob/master/docs/admin/kube-scheduler.md},
	note = {Commit: 2cc0485a7093c3d0e0fe6c77c62169234f66f826}
}

@online{flannel,
	author = {Rob Szumski and Eugene Yakubovich},
	title = {flannel/packet-01.png},
	url = {https://github.com/coreos/flannel/blob/master/packet-01.png},
	month = 9,
	year = 2014,
	urldate = {2017-01-29},
	note = {Commit: 82195b1cc4118528934904fa40fb0268f771bd42}
}

@online{steph,
	author = {Stephan Lindauer},
	title = {terra-aws-core-kube},
	url = {https://github.com/stephanlindauer/terra-aws-core-kube},
	month = 12,
	year = 2016,
	urldate = {2017-03-03},
}

@book{ThePragm,
	author = {Andrew Hunt and David Thomas},
	title = {The Pragmatic Programmer: From Journeyman to Master},
	publisher={Addison-Wesley Professional},
	year={1999},
	isbn={020161622X},
}

@online{CidrRfc,
	author = {Yavok Rekhter and Robert Moskowitz and Daniel Karrenberg and Geert Jan de Groot and Eliot Lear},
	title = {Address Allocation for Private Internets},
	url = {https://tools.ietf.org/html/rfc1918},
	month = 2,
	year = 1996,
	urldate = {2017-01-30}
}

@online{PetsVsCattle,
	author = {Noah Slater},
	title = {Pets vs. Cattle},
	url = {https://blog.engineyard.com/2014/pets-vs-cattle},
	day = 26,
	month = 2,
	year = 2014,
	urldate = {2017-01-30}
}

@online{elasticsearch,
	author = {Clinton Gormley and Nik Everett and Adrien Grand and Ryan Ernst},
	title = {Getting Started},
	url = {https://raw.githubusercontent.com/elastic/elasticsearch/5.2/docs/reference/getting-started.asciidoc},
	day = 20,
	month = 1,
	year = 2017,
	urldate = {2017-01-29},
	note = {Commit: ee798eaaa33c966a7743e130305ccbda26cf4036}
}

@online{multicodenodejs,
	author = {Dursun Koç},
	title = {Multicore Programming in Node.js},
	url = {https://dzone.com/articles/multicore-programming-in-nodejs},
	day = 9,
	month = 11,
	year = 2015,
	urldate = {2017-02-03}
}

@online{did,
	author = {Jérôme Petazzoni},
	title = {Using Docker-in-Docker for your CI or testing environment? Think twice.},
	url = {https://jpetazzo.github.io/2015/09/03/do-not-use-docker-in-docker-for-ci/},
	urldate = {2017-02-11}
}

@inbook{nodejs,
	title={Beginning Node.js},
	author={Basarat Ali Syed},
	publisher={Apress},
	year={2014},
	isbn={978-1-4842-0188-6},
  chapter      = 2,
  pages        = {25	},
}

@online{gitflow,
	author = {Vincent Driessen},
	title = {A successful Git branching model},
	url = {http://nvie.com/posts/a-successful-git-branching-model/},
	day = 5,
	month = 1,
	year = 2010,
	urldate = {2017-02-11}
}

@online{reg,
	author = {Misty Stanley-Jones and Joao Fernandes and John Mulhausen and Adrien Duermael},
	title = {Docker Registry},
	url = {https://github.com/docker/docker.github.io/blob/master/registry/index.md},
	day = 13,
	month = 1,
	year = 2017,
	urldate = {2017-02-12},
	note = {Commit: 5008e56c7da23ec975f63b666d677087081d856b}
}

@online{gupta,
	author = {Arun Gupta},
	title = {Docker	and	Kubernetes	Recipes},
	url = {https://github.com/javaee-samples/docker-java/blob/master/slides/docker-kubernetes-recipes.pdf},
	day = 11,
	month = 1,
	year = 2017,
	urldate = {2017-03-02},
	note = {Commit: e74039c3398869ad5152933ff07011de5dc98ce3}
}

@online{sslred,
	author = {Ricardo Katz and Manuel Alejandro de Brito Fontes and others},
	title = {configuration.md},
	url = {https://github.com/kubernetes/ingress/blob/master/controllers/nginx/configuration.md},
	day = 25,
	month = 2,
	year = 2017,
	urldate = {2017-01-02},
	note = {Commit: a342c0bce378bd7089601f2eaa3c3d84ca0f0d27}
}


@online{12factor,
	author = {Adam Wiggins and others},
	title = {The Twelve-Factor App},
	url = {https://github.com/heroku/12factor},
	day = 13,
	month = 2,
	year = 2017,
	urldate = {2017-02-14},
	note = {Commit: 7fe88559504812f043601774757a01156d62f3d7}
}


@online{bankingbackend,
	author = {Oliver Beattie},
	title = {Building a Modern Bank Backend},
	url = {https://monzo.com/blog/2016/09/19/building-a-modern-bank-backend/},
	day = 19,
	month = 9,
	year = 2016,
	urldate = {2017-02-14},
}

@online{dockersec,
	author = {Misty Stanley-Jones and others},
	title = {Docker security},
	url = {https://docs.docker.com/engine/security/security/},
	day = 20,
	month = 2,
	year = 2017,
	urldate = {2017-03-03},
}

@online{curator,
	author = {Aaron Mildenstein},
	title = {Curator: Tending your time-series indices},
	url = {https://www.elastic.co/blog/curator-tending-your-time-series-indices},
	day = 20,
	month = 1,
	year = 2014,
	urldate = {2017-02-24},
}

@online{trends,
	author = {Google Trends},
	title = {kubernetes, apache mesos, docker swarm - Explore - Google Trends},
	url = {https://www.google.com/trends/explore?q=kubernetes,apache%20mesos,docker%20swarm},
	day = 13,
	month = 2,
	year = 2017,
	urldate = {2017-02-13},
}

@online{pricingcompare,
	author = {Kim Weins},
	title = {AWS vs Azure vs Google Cloud Pricing: Compute Instances},
	url = {http://www.rightscale.com/blog/cloud-cost-analysis/aws-vs-azure-vs-google-cloud-pricing-compute-instances},
	day = 28,
	month = 11,
	year = 2016,
	urldate = {2017-02-13},
}

@online{terravs,
	author = {Yevgeniy Brikman},
	title = {Why we use Terraform and not Chef, Puppet, Ansible, SaltStack, or CloudFormation},
	url = {https://blog.gruntwork.io/why-we-use-terraform-and-not-chef-puppet-ansible-saltstack-or-cloudformation-7989dad2865c#.qem7cgl6d},
	day = 26,
	month = 9,
	year = 2016,
	urldate = {2017-02-13},
}

@online{hftguy,
	author = {THEHFTGUY},
	title = {Docker in Production: A History of Failure},
	url = {https://thehftguy.com/2016/11/01/docker-in-production-an-history-of-failure/comment-page-1/},
	day = 1,
	month = 11,
	year = 2016,
	urldate = {2017-01-12},
}

@online{k8srepo,
	author = {Clayton Coleman and Brendan Burns and others},
	title = {kubernetes},
	url = {https://github.com/kubernetes/kubernetes},
	day = 27,
	month = 1,
	year = 2017,
	urldate = {2017-01-27},
}

@article{borg,
 author = {Burns, Brendan and Grant, Brian and Oppenheimer, David and Brewer, Eric and Wilkes, John},
 title = {Borg, Omega, and Kubernetes},
 journal = {Commun. ACM},
 issue_date = {May 2016},
 volume = {59},
 number = {5},
 month = apr,
 year = {2016},
 issn = {0001-0782},
 pages = {50--57},
 numpages = {8},
 url = {http://doi.acm.org/10.1145/2890784},
 doi = {10.1145/2890784},
 acmid = {2890784},
 publisher = {ACM},
 address = {New York, NY, USA},
}

@article{wood2010disaster,
  title={Disaster Recovery as a Cloud Service: Economic Benefits \& Deployment Challenges.},
  author={Wood, Timothy and Cecchet, Emmanuel and Ramakrishnan, Kadangode K and Shenoy, Prashant J and van der Merwe, Jacobus E and Venkataramani, Arun},
  journal={HotCloud},
  volume={10},
  pages={8--15},
  year={2010}
}

@MastersThesis{masteroslo,
	author     =     {Ravn Kristinesønn Steinholt},
	title     =     {{A study of Linux Containers and their ability to quickly offer scalability for web services}},
	school     =     {University of Oslo},
	address     =     {Oslo, Norway},
	year     =     {2015},
}

@online{Grafana,
	title = {Grafana},
	url = {http://grafana.org/},
	day = 07,
	month = 3,
	year = 2017,
	urldate = {2017-03-07},
}

@online{influxdb,
	title = {InfluxDB},
	url = {https://github.com/influxdata/influxdb},
	day = 07,
	month = 3,
	year = 2017,
	urldate = {2017-03-07},
}

@online{heapster,
	title = {Heapster},
	url = {https://github.com/kubernetes/heapster},
	day = 07,
	month = 3,
	year = 2017,
	urldate = {2017-03-07},
}

@online{cAdvisor,
	title = {cAdvisor},
	url = {https://github.com/google/cadvisor},
	day = 07,
	month = 3,
	year = 2017,
	urldate = {2017-03-07},
}

@online{elasticsearch,
	title = {Elasticsearch},
	url = {https://www.elastic.co/products/elasticsearch},
	day = 07,
	month = 3,
	year = 2017,
	urldate = {2017-03-07},
}

@online{logstash,
	title = {Logstash},
	url = {https://www.elastic.co/products/logstash},
	day = 07,
	month = 3,
	year = 2017,
	urldate = {2017-03-07},
}

@online{kibana,
	title = {Kibana},
	url = {https://www.elastic.co/products/kibana},
	day = 07,
	month = 3,
	year = 2017,
	urldate = {2017-03-07},
}

@online{fluentd,
	title = {Fluentd},
	url = {http://www.fluentd.org/},
	day = 07,
	month = 3,
	year = 2017,
	urldate = {2017-03-07},
}

@online{terraform,
	title = {Terraform},
	url = {https://www.terraform.io/},
	day = 07,
	month = 3,
	year = 2017,
	urldate = {2017-03-07},
}

@online{aws,
	title = {Amazon Web Services},
	url = {https://aws.amazon.com/de/},
	day = 07,
	month = 3,
	year = 2017,
	urldate = {2017-03-07},
}

@online{prometheus,
	title = {Prometheus},
	url = {https://prometheus.io/},
	day = 07,
	month = 3,
	year = 2017,
	urldate = {2017-03-07},
}

@online{docker,
	title = {Docker},
	url = {https://www.docker.com/},
	day = 07,
	month = 3,
	year = 2017,
	urldate = {2017-03-07},
}

@online{coreos,
	title = {CoreOS},
	url = {https://coreos.com/},
	day = 07,
	month = 3,
	year = 2017,
	urldate = {2017-03-07},
}

@online{etcd,
	title = {etcd},
	url = {https://coreos.com/etcd},
	day = 07,
	month = 3,
	year = 2017,
	urldate = {2017-03-07},
}

@online{flannel,
	title = {flannel},
	url = {https://coreos.com/flannel/docs/latest/},
	day = 07,
	month = 3,
	year = 2017,
	urldate = {2017-03-07},
}

@online{postgresql,
	title = {PostgreSQL},
	url = {https://www.postgresql.org/},
	day = 07,
	month = 3,
	year = 2017,
	urldate = {2017-03-07},
}

@online{nodejs,
	title = {NodeJS},
	url = {https://nodejs.org/en/},
	day = 07,
	month = 3,
	year = 2017,
	urldate = {2017-03-07},
}

@online{ruby,
	title = {Ruby},
	url = {https://www.ruby-lang.org/en/},
	day = 07,
	month = 3,
	year = 2017,
	urldate = {2017-03-07},
}

@online{digitalocean,
	title = {Digital Ocean},
	url = {https://www.digitalocean.com/},
	day = 07,
	month = 3,
	year = 2017,
	urldate = {2017-03-07},
}
